<?xml version='1.0'?>
<collection xmlns='http://www.loc.gov/MARC21/slim' xmlns:xsi='http://www.w3.org/2001/XMLSchema-instance' xsi:schemaLocation='http://www.loc.gov/MARC21/slim http://www.loc.gov/standards/marcxml/schema/MARC21slim.xsd'>
<record><leader>01158nam a22003491  4500</leader><controlfield tag='001'>000000001</controlfield><controlfield tag='003'>MiAaHDL</controlfield><controlfield tag='005'>20130211000000.0</controlfield><controlfield tag='006'>m        d        </controlfield><controlfield tag='007'>cr bn ---auaua</controlfield><controlfield tag='008'>880715m19699999cs       b    00010 slo  </controlfield><datafield ind1=' ' ind2=' ' tag='010'><subfield code='a'>70518371</subfield></datafield><datafield ind1=' ' ind2=' ' tag='035'><subfield code='a'>(MiU)000000001</subfield></datafield><datafield ind1=' ' ind2=' ' tag='035'><subfield code='a'>sdr-miu000000001</subfield></datafield><datafield ind1=' ' ind2=' ' tag='035'><subfield code='a'>sdr-nrlf.b133236481</subfield></datafield><datafield ind1=' ' ind2=' ' tag='035'><subfield code='a'>(OCoLC)2779601</subfield></datafield><datafield ind1=' ' ind2=' ' tag='035'><subfield code='a'>(CaOTULAS)159818001</subfield></datafield><datafield ind1=' ' ind2=' ' tag='035'><subfield code='a'>(RLIN)MIUGMIUGPRIB-B</subfield></datafield><datafield ind1=' ' ind2=' ' tag='040'><subfield code='c'>NN</subfield><subfield code='d'>NN</subfield><subfield code='d'>MiU</subfield></datafield><datafield ind1='0' ind2=' ' tag='041'><subfield code='a'>slomul</subfield></datafield><datafield ind1='1' ind2=' ' tag='100'><subfield code='a'>Bielik, František.</subfield></datafield><datafield ind1='1' ind2='0' tag='245'><subfield code='a'>Slovenské vyst̕ahovalectvo. /</subfield><subfield code='c'>Zost. František Bielik a Elo Rákoš.</subfield></datafield><datafield ind1=' ' ind2=' ' tag='250'><subfield code='a'>1. vyd.</subfield></datafield><datafield ind1=' ' ind2=' ' tag='260'><subfield code='a'>Bratislava, :</subfield><subfield code='b'>SAV, t. Svornost̕,</subfield><subfield code='c'>1969-.</subfield></datafield><datafield ind1=' ' ind2=' ' tag='300'><subfield code='a'>v. ;</subfield><subfield code='c'>25 cm.</subfield></datafield><datafield ind1=' ' ind2=' ' tag='500'><subfield code='a'>Includes bibliographical references.</subfield></datafield><datafield ind1=' ' ind2=' ' tag='500'><subfield code='a'>Summary in English, French, Spanish, and German.</subfield></datafield><datafield ind1=' ' ind2=' ' tag='500'><subfield code='a'>Documents in Slovak, Hungarian, or German.</subfield></datafield><datafield ind1='0' ind2=' ' tag='505'><subfield code='a'>v.4=1985 Dokumenty. Korešpondencia z rokov 1880-1939</subfield></datafield><datafield ind1=' ' ind2=' ' tag='538'><subfield code='a'>Mode of access: Internet.</subfield></datafield><datafield ind1=' ' ind2='0' tag='650'><subfield code='a'>Slovaks</subfield><subfield code='z'>Foreign countries</subfield><subfield code='x'>History</subfield><subfield code='x'>Sources.</subfield></datafield><datafield ind1=' ' ind2='0' tag='651'><subfield code='a'>Hungary</subfield><subfield code='x'>Emigration and immigration.</subfield></datafield><datafield ind1=' ' ind2='0' tag='651'><subfield code='a'>Slovakia</subfield><subfield code='x'>Emigration and immigration.</subfield></datafield><datafield ind1='1' ind2=' ' tag='700'><subfield code='a'>Rákoš, Elo.</subfield></datafield><datafield ind1=' ' ind2=' ' tag='CID'><subfield code='a'>000000001</subfield></datafield><datafield ind1='0' ind2=' ' tag='DAT'><subfield code='a'>20130211144558.0</subfield><subfield code='b'>20130211000000.0</subfield></datafield><datafield ind1='1' ind2=' ' tag='DAT'><subfield code='a'>20130214102355.0</subfield><subfield code='b'>2013-08-01T02:28:38Z</subfield></datafield><datafield ind1='2' ind2=' ' tag='DAT'><subfield code='a'>2011-09-15T15:30:52Z</subfield></datafield><datafield ind1=' ' ind2=' ' tag='CAT'><subfield code='a'>SDR-MIU</subfield><subfield code='d'>EX LIBRIS - ALEPH</subfield><subfield code='l'>loader.pl-002-002</subfield></datafield><datafield ind1=' ' ind2=' ' tag='FMT'><subfield code='a'>BK</subfield></datafield><datafield ind1=' ' ind2=' ' tag='HOL'><subfield code='0'>sdr-miu000000001</subfield><subfield code='a'>MiU</subfield><subfield code='b'>SDR</subfield><subfield code='c'>MIU</subfield><subfield code='p'>mdp.39015018415946</subfield><subfield code='s'>MIU</subfield><subfield code='z'>v.5</subfield><subfield code='1'>000000001</subfield></datafield><datafield ind1=' ' ind2=' ' tag='974'><subfield code='b'>MIU</subfield><subfield code='c'>MIU</subfield><subfield code='d'>20130801</subfield><subfield code='s'>google</subfield><subfield code='u'>mdp.39015018415946</subfield><subfield code='z'>v.5</subfield><subfield code='r'>ic</subfield></datafield><datafield ind1=' ' ind2=' ' tag='974'><subfield code='b'>MIU</subfield><subfield code='c'>MIU</subfield><subfield code='d'>20130801</subfield><subfield code='s'>google</subfield><subfield code='u'>mdp.39015066356547</subfield><subfield code='z'>v.1</subfield><subfield code='r'>ic</subfield></datafield><datafield ind1=' ' ind2=' ' tag='974'><subfield code='b'>UC</subfield><subfield code='c'>NRLF</subfield><subfield code='d'>20130802</subfield><subfield code='s'>google</subfield><subfield code='u'>uc1.$b759626</subfield><subfield code='z'>v. 1</subfield><subfield code='r'>ic</subfield></datafield><datafield ind1=' ' ind2=' ' tag='974'><subfield code='b'>UC</subfield><subfield code='c'>NRLF</subfield><subfield code='d'>20130802</subfield><subfield code='s'>google</subfield><subfield code='u'>uc1.$b759627</subfield><subfield code='z'>v. 2</subfield><subfield code='r'>ic</subfield></datafield><datafield ind1=' ' ind2=' ' tag='974'><subfield code='b'>UC</subfield><subfield code='c'>NRLF</subfield><subfield code='d'>20130802</subfield><subfield code='s'>google</subfield><subfield code='u'>uc1.$b759628</subfield><subfield code='z'>v. 3</subfield><subfield code='r'>ic</subfield></datafield><datafield ind1=' ' ind2=' ' tag='974'><subfield code='b'>MIU</subfield><subfield code='c'>MIU</subfield><subfield code='d'>20130801</subfield><subfield code='s'>google</subfield><subfield code='u'>mdp.39015066356406</subfield><subfield code='z'>v.2</subfield><subfield code='r'>ic</subfield></datafield><datafield ind1=' ' ind2=' ' tag='974'><subfield code='b'>MIU</subfield><subfield code='c'>MIU</subfield><subfield code='d'>20130801</subfield><subfield code='s'>google</subfield><subfield code='u'>mdp.39015066356695</subfield><subfield code='z'>v.3</subfield><subfield code='r'>ic</subfield></datafield><datafield ind1=' ' ind2=' ' tag='974'><subfield code='b'>MIU</subfield><subfield code='c'>MIU</subfield><subfield code='d'>20130801</subfield><subfield code='s'>google</subfield><subfield code='u'>mdp.39015066356554</subfield><subfield code='z'>v.4</subfield><subfield code='r'>ic</subfield></datafield></record>