
<record><leader>01010nam a22002891a 4500</leader><controlfield tag='001'>000000002</controlfield><controlfield tag='003'>MiAaHDL</controlfield><controlfield tag='005'>20130211000000.0</controlfield><controlfield tag='006'>m        d        </controlfield><controlfield tag='007'>cr bn ---auaua</controlfield><controlfield tag='008'>880715s1981    io b          00000 ind d</controlfield><datafield ind1=' ' ind2=' ' tag='035'><subfield code='a'>(MiU)000000002</subfield></datafield><datafield ind1=' ' ind2=' ' tag='035'><subfield code='a'>sdr-miu000000002</subfield></datafield><datafield ind1=' ' ind2=' ' tag='035'><subfield code='a'>(OCoLC)23536349</subfield></datafield><datafield ind1=' ' ind2=' ' tag='035'><subfield code='a'>(CaOTULAS)159818002</subfield></datafield><datafield ind1=' ' ind2=' ' tag='035'><subfield code='a'>(RLIN)MIUGMIUG86B75-B</subfield></datafield><datafield ind1=' ' ind2=' ' tag='040'><subfield code='d'>MiU</subfield></datafield><datafield ind1=' ' ind2=' ' tag='043'><subfield code='a'>a-io---</subfield></datafield><datafield ind1='0' ind2='0' tag='245'><subfield code='a'>Burangir na hombang /</subfield><subfield code='b'>disusun oleh Ch. St. Tinggibarani Perkasa Alam [dan] Dra. Rukiyah Siregar.</subfield></datafield><datafield ind1=' ' ind2=' ' tag='260'><subfield code='a'>Jakarta :</subfield><subfield code='b'>Departemen Pendidikan dan Kebudayaan, Proyek Penerbitan Buku Sastra Indonesia dan Daerah,</subfield><subfield code='c'>1981.</subfield></datafield><datafield ind1=' ' ind2=' ' tag='300'><subfield code='a'>112 p. :</subfield><subfield code='b'>map ;</subfield><subfield code='c'>21 cm.</subfield></datafield><datafield ind1=' ' ind2=' ' tag='500'><subfield code='a'>&quot;PPS/Bt/5/80.&quot;</subfield></datafield><datafield ind1=' ' ind2=' ' tag='500'><subfield code='a'>In Batak.</subfield></datafield><datafield ind1=' ' ind2=' ' tag='538'><subfield code='a'>Mode of access: Internet.</subfield></datafield><datafield ind1=' ' ind2='0' tag='650'><subfield code='a'>Batak (Indonesian people)</subfield><subfield code='x'>Social life and customs.</subfield></datafield><datafield ind1='1' ind2=' ' tag='700'><subfield code='a'>Siregar, Rukiyah.</subfield></datafield><datafield ind1='1' ind2=' ' tag='700'><subfield code='a'>Tinggibarani Perkasa Alam, Ch. Sutan.</subfield></datafield><datafield ind1='2' ind2=' ' tag='710'><subfield code='a'>Proyek Penerbitan Buku Bacaan dan Sastra Indonesia dan Daerah.</subfield></datafield><datafield ind1=' ' ind2=' ' tag='CID'><subfield code='a'>000000002</subfield></datafield><datafield ind1='0' ind2=' ' tag='DAT'><subfield code='a'>20130211144558.0</subfield><subfield code='b'>20130211000000.0</subfield></datafield><datafield ind1='1' ind2=' ' tag='DAT'><subfield code='a'>20130214102355.0</subfield><subfield code='b'>2013-08-01T02:28:38Z</subfield></datafield><datafield ind1='2' ind2=' ' tag='DAT'><subfield code='a'>2012-06-14T06:30:20Z</subfield></datafield><datafield ind1=' ' ind2=' ' tag='CAT'><subfield code='a'>SDR-MIU</subfield><subfield code='d'>EX LIBRIS - ALEPH</subfield><subfield code='l'>loader.pl-002-002</subfield></datafield><datafield ind1=' ' ind2=' ' tag='FMT'><subfield code='a'>BK</subfield></datafield><datafield ind1=' ' ind2=' ' tag='HOL'><subfield code='0'>sdr-miu000000002</subfield><subfield code='a'>MiU</subfield><subfield code='b'>SDR</subfield><subfield code='c'>MIU</subfield><subfield code='p'>mdp.39015033913115</subfield><subfield code='s'>MIU</subfield><subfield code='1'>000000002</subfield></datafield><datafield ind1=' ' ind2=' ' tag='974'><subfield code='b'>MIU</subfield><subfield code='c'>MIU</subfield><subfield code='d'>20130801</subfield><subfield code='s'>google</subfield><subfield code='u'>mdp.39015033913115</subfield><subfield code='r'>und</subfield></datafield></record>