
<record><leader>01003nam a22003251  4500</leader><controlfield tag='001'>000000005</controlfield><controlfield tag='003'>MiAaHDL</controlfield><controlfield tag='005'>20130211000000.0</controlfield><controlfield tag='006'>m        d        </controlfield><controlfield tag='007'>cr bn ---auaua</controlfield><controlfield tag='008'>880715s1969    enka         |00010 eng  </controlfield><datafield ind1=' ' ind2=' ' tag='010'><subfield code='a'>66025530</subfield></datafield><datafield ind1=' ' ind2=' ' tag='020'><subfield code='a'>0080117325</subfield></datafield><datafield ind1=' ' ind2=' ' tag='035'><subfield code='a'>(MiU)000000005</subfield></datafield><datafield ind1=' ' ind2=' ' tag='035'><subfield code='a'>sdr-miu000000005</subfield></datafield><datafield ind1=' ' ind2=' ' tag='035'><subfield code='a'>(OCoLC)75</subfield></datafield><datafield ind1=' ' ind2=' ' tag='035'><subfield code='a'>(CaOTULAS)159818005</subfield></datafield><datafield ind1=' ' ind2=' ' tag='035'><subfield code='a'>(RLIN)MIUG0000075-B</subfield></datafield><datafield ind1=' ' ind2=' ' tag='040'><subfield code='a'>DLC</subfield><subfield code='c'>DLC</subfield><subfield code='d'>MiU</subfield></datafield><datafield ind1='0' ind2=' ' tag='050'><subfield code='a'>QA935</subfield><subfield code='b'>.A73 1969</subfield></datafield><datafield ind1=' ' ind2=' ' tag='082'><subfield code='a'>531/.383</subfield></datafield><datafield ind1='1' ind2=' ' tag='100'><subfield code='a'>Armenàkas, Anthony E.,</subfield><subfield code='d'>1924-</subfield></datafield><datafield ind1='1' ind2='0' tag='245'><subfield code='a'>Free vibrations of circular cylindrical shells,</subfield><subfield code='c'>by Anthony E. Armenàkas, Denos C. Gazis [and] George Herrmann.</subfield></datafield><datafield ind1=' ' ind2=' ' tag='250'><subfield code='a'>[1st ed.]</subfield></datafield><datafield ind1=' ' ind2=' ' tag='260'><subfield code='a'>Oxford,</subfield><subfield code='a'>New York,</subfield><subfield code='b'>Pergamon Press</subfield><subfield code='c'>[1969]</subfield></datafield><datafield ind1=' ' ind2=' ' tag='300'><subfield code='a'>xi, 211 p.</subfield><subfield code='b'>illus.</subfield><subfield code='c'>29 cm.</subfield></datafield><datafield ind1=' ' ind2=' ' tag='538'><subfield code='a'>Mode of access: Internet.</subfield></datafield><datafield ind1=' ' ind2='0' tag='650'><subfield code='a'>Cylinders</subfield><subfield code='x'>Vibration.</subfield></datafield><datafield ind1=' ' ind2='0' tag='650'><subfield code='a'>Elastic plates and shells</subfield><subfield code='x'>Tables.</subfield></datafield><datafield ind1='1' ind2=' ' tag='700'><subfield code='a'>Herrmann, George,</subfield><subfield code='d'>1921-</subfield></datafield><datafield ind1='1' ind2=' ' tag='700'><subfield code='a'>Gazis, Denos C.,</subfield><subfield code='d'>1930-</subfield></datafield><datafield ind1=' ' ind2=' ' tag='CID'><subfield code='a'>000000005</subfield></datafield><datafield ind1='0' ind2=' ' tag='DAT'><subfield code='a'>20130211144558.0</subfield><subfield code='b'>20130211000000.0</subfield></datafield><datafield ind1='1' ind2=' ' tag='DAT'><subfield code='a'>20130214102355.0</subfield><subfield code='b'>2013-08-01T02:28:39Z</subfield></datafield><datafield ind1='2' ind2=' ' tag='DAT'><subfield code='a'>2012-04-22T06:30:11Z</subfield></datafield><datafield ind1=' ' ind2=' ' tag='CAT'><subfield code='a'>SDR-MIU</subfield><subfield code='d'>EX LIBRIS - ALEPH</subfield><subfield code='l'>loader.pl-002-002</subfield></datafield><datafield ind1=' ' ind2=' ' tag='FMT'><subfield code='a'>BK</subfield></datafield><datafield ind1=' ' ind2=' ' tag='HOL'><subfield code='0'>sdr-miu000000005</subfield><subfield code='a'>MiU</subfield><subfield code='b'>SDR</subfield><subfield code='c'>MIU</subfield><subfield code='p'>mdp.39015000995467</subfield><subfield code='s'>MIU</subfield><subfield code='1'>000000005</subfield></datafield><datafield ind1=' ' ind2=' ' tag='974'><subfield code='b'>MIU</subfield><subfield code='c'>MIU</subfield><subfield code='d'>20130801</subfield><subfield code='s'>google</subfield><subfield code='u'>mdp.39015000995467</subfield><subfield code='r'>ic</subfield></datafield></record>