
<record><leader>01543nam a22003131  4500</leader><controlfield tag='001'>000000009</controlfield><controlfield tag='003'>MiAaHDL</controlfield><controlfield tag='005'>20130211000000.0</controlfield><controlfield tag='006'>m        d        </controlfield><controlfield tag='007'>cr bn ---auaua</controlfield><controlfield tag='008'>880715s1968    wiu      b   |00000 eng  </controlfield><datafield ind1=' ' ind2=' ' tag='010'><subfield code='a'>67026627</subfield></datafield><datafield ind1=' ' ind2=' ' tag='035'><subfield code='a'>(MiU)000000009</subfield></datafield><datafield ind1=' ' ind2=' ' tag='035'><subfield code='a'>sdr-miu000000009</subfield></datafield><datafield ind1=' ' ind2=' ' tag='035'><subfield code='a'>sdr-nrlfGLAD151160146-B</subfield></datafield><datafield ind1=' ' ind2=' ' tag='035'><subfield code='a'>(OCoLC)252</subfield></datafield><datafield ind1=' ' ind2=' ' tag='035'><subfield code='a'>(CaOTULAS)159818009</subfield></datafield><datafield ind1=' ' ind2=' ' tag='035'><subfield code='a'>(RLIN)MIUG0000252-B</subfield></datafield><datafield ind1=' ' ind2=' ' tag='040'><subfield code='a'>DLC</subfield><subfield code='c'>DLC</subfield><subfield code='d'>MiU</subfield></datafield><datafield ind1='0' ind2=' ' tag='050'><subfield code='a'>LAW</subfield></datafield><datafield ind1=' ' ind2=' ' tag='082'><subfield code='a'>340/.096</subfield></datafield><datafield ind1='0' ind2='0' tag='245'><subfield code='a'>Africa and law;</subfield><subfield code='b'>developing legal systems in African Commonwealth nations.</subfield><subfield code='c'>Edited by Thomas W. Hutchison, in association with James N. Roethe [and others] of the staff of the Wisconsin law review. With an introd. by A. Arthur Schiller.</subfield></datafield><datafield ind1=' ' ind2=' ' tag='260'><subfield code='a'>Madison,</subfield><subfield code='b'>University of Wisconsin Press,</subfield><subfield code='c'>1968.</subfield></datafield><datafield ind1=' ' ind2=' ' tag='300'><subfield code='a'>xviii, 181 p.</subfield><subfield code='c'>25 cm.</subfield></datafield><datafield ind1=' ' ind2=' ' tag='500'><subfield code='a'>&quot;Substantially the fall 1966 issue of the Wisconsin law review with substitutions and additions including a new introduction by A. Arthur Schiller.&quot;</subfield></datafield><datafield ind1=' ' ind2=' ' tag='504'><subfield code='a'>Bibliographical footnotes.</subfield></datafield><datafield ind1='0' ind2=' ' tag='505'><subfield code='a'>Law and economic developments in independent, English-speaking, sub-Saharan Africa, by R. B. Seidman.--Land law in Kenya, by A. P. Munro.--Post-Nkrumah Ghana: the legal profile of a coup, by W. B. Harvey.--Law and society in Ghana, by S. K. B. Asante.--The sources of law in the new nations of Africa: a case study from the Republic of the Sudan, by C. F. Thompson.</subfield></datafield><datafield ind1=' ' ind2=' ' tag='538'><subfield code='a'>Mode of access: Internet.</subfield></datafield><datafield ind1=' ' ind2='0' tag='650'><subfield code='a'>Law</subfield><subfield code='z'>Africa</subfield></datafield><datafield ind1='1' ind2=' ' tag='700'><subfield code='a'>Hutchison, Thomas W.,</subfield><subfield code='e'>ed.</subfield></datafield><datafield ind1='0' ind2=' ' tag='730'><subfield code='a'>Wisconsin law review.</subfield></datafield><datafield ind1=' ' ind2=' ' tag='CID'><subfield code='a'>000000009</subfield></datafield><datafield ind1='0' ind2=' ' tag='DAT'><subfield code='a'>20130211144558.0</subfield><subfield code='b'>20130211000000.0</subfield></datafield><datafield ind1='1' ind2=' ' tag='DAT'><subfield code='a'>20130214102355.0</subfield><subfield code='b'>2013-08-01T02:28:39Z</subfield></datafield><datafield ind1='2' ind2=' ' tag='DAT'><subfield code='a'>2006-09-14T04:14:28Z</subfield></datafield><datafield ind1=' ' ind2=' ' tag='CAT'><subfield code='a'>SDR-MIU</subfield><subfield code='d'>EX LIBRIS - ALEPH</subfield><subfield code='l'>loader.pl-002-002</subfield></datafield><datafield ind1=' ' ind2=' ' tag='FMT'><subfield code='a'>BK</subfield></datafield><datafield ind1=' ' ind2=' ' tag='HOL'><subfield code='0'>sdr-miu000000009</subfield><subfield code='a'>MiU</subfield><subfield code='b'>SDR</subfield><subfield code='c'>MIU</subfield><subfield code='p'>mdp.39015015207742</subfield><subfield code='s'>MIU</subfield><subfield code='1'>000000009</subfield></datafield><datafield ind1=' ' ind2=' ' tag='974'><subfield code='b'>MIU</subfield><subfield code='c'>MIU</subfield><subfield code='d'>20130801</subfield><subfield code='s'>google</subfield><subfield code='u'>mdp.39015015207742</subfield><subfield code='r'>ic</subfield></datafield><datafield ind1=' ' ind2=' ' tag='974'><subfield code='b'>UC</subfield><subfield code='c'>NRLF</subfield><subfield code='d'>20130804</subfield><subfield code='s'>google</subfield><subfield code='u'>uc1.b4174938</subfield><subfield code='r'>ic</subfield></datafield></record>