
<record><leader>01063nam a22003131  4500</leader><controlfield tag='001'>000000010</controlfield><controlfield tag='003'>MiAaHDL</controlfield><controlfield tag='005'>20130211000000.0</controlfield><controlfield tag='006'>m        d        </controlfield><controlfield tag='007'>cr bn ---auaua</controlfield><controlfield tag='008'>880715s1967    nyua     b   |00000 eng  </controlfield><datafield ind1=' ' ind2=' ' tag='010'><subfield code='a'>67031728</subfield></datafield><datafield ind1=' ' ind2=' ' tag='035'><subfield code='a'>(MiU)000000010</subfield></datafield><datafield ind1=' ' ind2=' ' tag='035'><subfield code='a'>sdr-miu000000010</subfield></datafield><datafield ind1=' ' ind2=' ' tag='035'><subfield code='a'>(OCoLC)320</subfield></datafield><datafield ind1=' ' ind2=' ' tag='035'><subfield code='a'>(CaOTULAS)159818010</subfield></datafield><datafield ind1=' ' ind2=' ' tag='035'><subfield code='a'>(RLIN)MIUG0000320-B</subfield></datafield><datafield ind1=' ' ind2=' ' tag='040'><subfield code='a'>DLC</subfield><subfield code='c'>DLC</subfield><subfield code='d'>MiU</subfield></datafield><datafield ind1='0' ind2=' ' tag='050'><subfield code='a'>LA1611.N5</subfield><subfield code='b'>E3</subfield></datafield><datafield ind1=' ' ind2=' ' tag='082'><subfield code='a'>370/.9669</subfield></datafield><datafield ind1='2' ind2=' ' tag='110'><subfield code='a'>Education and World Affairs.</subfield><subfield code='b'>Nigeria Project Task Force.</subfield></datafield><datafield ind1='1' ind2='0' tag='245'><subfield code='a'>Nigerian human resource development and utilization.</subfield></datafield><datafield ind1=' ' ind2=' ' tag='260'><subfield code='a'>New York,</subfield><subfield code='b'>Education and World Affairs,</subfield><subfield code='c'>1967.</subfield></datafield><datafield ind1=' ' ind2=' ' tag='300'><subfield code='a'>200 p.</subfield><subfield code='b'>illus.</subfield><subfield code='c'>28 cm.</subfield></datafield><datafield ind1=' ' ind2=' ' tag='500'><subfield code='a'>&quot;A final report prepared for the United States Agency for International Development under contract AID/Afr 285.&quot;</subfield></datafield><datafield ind1=' ' ind2=' ' tag='504'><subfield code='a'>Bibliography: p. 134-141.</subfield></datafield><datafield ind1=' ' ind2=' ' tag='538'><subfield code='a'>Mode of access: Internet.</subfield></datafield><datafield ind1=' ' ind2='0' tag='650'><subfield code='a'>Manpower policy</subfield><subfield code='z'>Nigeria.</subfield></datafield><datafield ind1=' ' ind2='0' tag='650'><subfield code='a'>Education</subfield><subfield code='z'>Nigeria.</subfield></datafield><datafield ind1='1' ind2=' ' tag='710'><subfield code='a'>United States.</subfield><subfield code='b'>Agency for International Development</subfield></datafield><datafield ind1=' ' ind2=' ' tag='CID'><subfield code='a'>000000010</subfield></datafield><datafield ind1='0' ind2=' ' tag='DAT'><subfield code='a'>20130211144558.0</subfield><subfield code='b'>20130211000000.0</subfield></datafield><datafield ind1='1' ind2=' ' tag='DAT'><subfield code='a'>20130214102355.0</subfield><subfield code='b'>2013-08-01T02:28:39Z</subfield></datafield><datafield ind1='2' ind2=' ' tag='DAT'><subfield code='a'>2007-07-18T20:25:12Z</subfield></datafield><datafield ind1=' ' ind2=' ' tag='CAT'><subfield code='a'>SDR-MIU</subfield><subfield code='d'>EX LIBRIS - ALEPH</subfield><subfield code='l'>loader.pl-002-002</subfield></datafield><datafield ind1=' ' ind2=' ' tag='FMT'><subfield code='a'>BK</subfield></datafield><datafield ind1=' ' ind2=' ' tag='HOL'><subfield code='0'>sdr-miu000000010</subfield><subfield code='a'>MiU</subfield><subfield code='b'>SDR</subfield><subfield code='c'>MIU</subfield><subfield code='p'>mdp.39015001689374</subfield><subfield code='s'>MIU</subfield><subfield code='1'>000000010</subfield></datafield><datafield ind1=' ' ind2=' ' tag='974'><subfield code='b'>MIU</subfield><subfield code='c'>MIU</subfield><subfield code='d'>20130801</subfield><subfield code='s'>google</subfield><subfield code='u'>mdp.39015001689374</subfield><subfield code='r'>ic</subfield></datafield></record>