
<record><leader>01149nam a2200361Ku 4500</leader><controlfield tag='001'>000000012</controlfield><controlfield tag='003'>MiAaHDL</controlfield><controlfield tag='005'>20090407000000.0</controlfield><controlfield tag='006'>m        d        </controlfield><controlfield tag='007'>cr bn ---auaua</controlfield><controlfield tag='008'>011217s1969    nyu      b    10110 eng  </controlfield><datafield ind1=' ' ind2=' ' tag='010'><subfield code='a'>   68008660</subfield></datafield><datafield ind1=' ' ind2=' ' tag='035'><subfield code='a'>sdr-nrlfGLAD84523971-B</subfield></datafield><datafield ind1=' ' ind2=' ' tag='035'><subfield code='a'>sdr-miu000000012</subfield></datafield><datafield ind1=' ' ind2=' ' tag='035'><subfield code='a'>b16469951</subfield></datafield><datafield ind1=' ' ind2=' ' tag='040'><subfield code='a'>DLC</subfield><subfield code='c'>DLC</subfield><subfield code='d'>AKM</subfield><subfield code='d'>m.c.</subfield><subfield code='d'>CUS</subfield></datafield><datafield ind1='0' ind2=' ' tag='050'><subfield code='a'>BF698.8.M5</subfield><subfield code='b'>M2</subfield></datafield><datafield ind1=' ' ind2=' ' tag='090'><subfield code='a'> BF698.8.M5</subfield><subfield code='b'>M2</subfield></datafield><datafield ind1=' ' ind2=' ' tag='096'><subfield code='a'>WM 145 B983m 1969</subfield></datafield><datafield ind1=' ' ind2=' ' tag='035'><subfield code='a'>(OCoLC)604</subfield></datafield><datafield ind1='1' ind2='0' tag='100'><subfield code='a'>Butcher, James Neal,</subfield></datafield><datafield ind1='1' ind2='0' tag='245'><subfield code='a'>MMPI; research developments and clinical applications.</subfield><subfield code='c'>Edited by James Neal Butcher</subfield></datafield><datafield ind1='0' ind2=' ' tag='260'><subfield code='a'>New York,</subfield><subfield code='b'>McGraw-Hill</subfield><subfield code='c'>[1969]</subfield></datafield><datafield ind1=' ' ind2=' ' tag='300'><subfield code='a'>xiv, 402 p.</subfield><subfield code='c'>23 cm</subfield></datafield><datafield ind1='0' ind2=' ' tag='490'><subfield code='a'>McGraw-Hill series in psychology</subfield></datafield><datafield ind1=' ' ind2=' ' tag='500'><subfield code='a'>Based in part on the Symposia on Recent Developments in the Use of the MMPI</subfield></datafield><datafield ind1=' ' ind2=' ' tag='504'><subfield code='a'>Includes bibliographies</subfield></datafield><datafield ind1=' ' ind2=' ' tag='538'><subfield code='a'>Mode of access: Internet.</subfield></datafield><datafield ind1=' ' ind2='0' tag='650'><subfield code='a'>Minnesota Multiphasic Personality Inventory.</subfield></datafield><datafield ind1=' ' ind2=' ' tag='CID'><subfield code='a'>000000012</subfield></datafield><datafield ind1='0' ind2=' ' tag='DAT'><subfield code='a'>20080421104142.0</subfield><subfield code='b'>20090407000000.0</subfield></datafield><datafield ind1='1' ind2=' ' tag='DAT'><subfield code='a'>20120815184702.0</subfield><subfield code='b'>2013-08-05T05:26:17Z</subfield></datafield><datafield ind1='2' ind2=' ' tag='DAT'><subfield code='a'>2010-08-25T06:31:04Z</subfield></datafield><datafield ind1=' ' ind2=' ' tag='CAT'><subfield code='a'>SDR-NRLF</subfield><subfield code='d'>LOCAL - GLADIS</subfield><subfield code='l'>loader.pl-001-001</subfield></datafield><datafield ind1=' ' ind2=' ' tag='FMT'><subfield code='a'>BK</subfield></datafield><datafield ind1=' ' ind2=' ' tag='HOL'><subfield code='0'>sdr-nrlfGLAD84523971-B</subfield><subfield code='a'>uc1</subfield><subfield code='b'>SDR</subfield><subfield code='c'>NRLF</subfield><subfield code='p'>uc1.b4446257</subfield><subfield code='s'>UC</subfield><subfield code='z'>copy 2</subfield><subfield code='1'>GLAD84523971-B</subfield></datafield><datafield ind1=' ' ind2=' ' tag='974'><subfield code='b'>UC</subfield><subfield code='c'>NRLF</subfield><subfield code='d'>20130805</subfield><subfield code='s'>google</subfield><subfield code='u'>uc1.b4446257</subfield><subfield code='z'>copy 2</subfield><subfield code='r'>ic</subfield></datafield><datafield ind1=' ' ind2=' ' tag='974'><subfield code='b'>MIU</subfield><subfield code='c'>MIU</subfield><subfield code='d'>20130801</subfield><subfield code='s'>google</subfield><subfield code='u'>mdp.39015002396243</subfield><subfield code='r'>ic</subfield></datafield><datafield ind1=' ' ind2=' ' tag='974'><subfield code='b'>MIU</subfield><subfield code='c'>MIU</subfield><subfield code='d'>20130801</subfield><subfield code='s'>google</subfield><subfield code='u'>mdp.39015015274361</subfield><subfield code='r'>ic</subfield></datafield></record>