
<record><leader>00966nam a22002891  4500</leader><controlfield tag='001'>000000013</controlfield><controlfield tag='003'>MiAaHDL</controlfield><controlfield tag='005'>20130211000000.0</controlfield><controlfield tag='006'>m        d        </controlfield><controlfield tag='007'>cr bn ---auaua</controlfield><controlfield tag='008'>880715s1968    miuab    b   |00110 eng  </controlfield><datafield ind1=' ' ind2=' ' tag='010'><subfield code='a'>68009499</subfield></datafield><datafield ind1=' ' ind2=' ' tag='035'><subfield code='a'>(MiU)000000013</subfield></datafield><datafield ind1=' ' ind2=' ' tag='035'><subfield code='a'>sdr-miu000000013</subfield></datafield><datafield ind1=' ' ind2=' ' tag='035'><subfield code='a'>(OCoLC)733</subfield></datafield><datafield ind1=' ' ind2=' ' tag='035'><subfield code='a'>(CaOTULAS)159818014</subfield></datafield><datafield ind1=' ' ind2=' ' tag='035'><subfield code='a'>(RLIN)MIUG0000733-B</subfield></datafield><datafield ind1=' ' ind2=' ' tag='040'><subfield code='a'>DLC</subfield><subfield code='c'>DLC</subfield><subfield code='d'>MiU</subfield></datafield><datafield ind1='0' ind2=' ' tag='050'><subfield code='a'>HC687.N38</subfield><subfield code='b'>E65 1968b</subfield></datafield><datafield ind1=' ' ind2=' ' tag='082'><subfield code='a'>338/.0993/6</subfield></datafield><datafield ind1='1' ind2=' ' tag='100'><subfield code='a'>Epstein, T. Scarlett</subfield><subfield code='q'>(Trude Scarlett)</subfield></datafield><datafield ind1='1' ind2='0' tag='245'><subfield code='a'>Capitalism, primitive and modern;</subfield><subfield code='b'>some aspects of Tolai economic growth</subfield><subfield code='c'>[by] T. Scarlett Epstein.</subfield></datafield><datafield ind1=' ' ind2=' ' tag='260'><subfield code='a'>[East Lansing]</subfield><subfield code='b'>Michigan State University Press,</subfield><subfield code='c'>1968.</subfield></datafield><datafield ind1=' ' ind2=' ' tag='300'><subfield code='a'>xxiv, 182 p.</subfield><subfield code='b'>illus., maps.</subfield><subfield code='c'>23 cm.</subfield></datafield><datafield ind1=' ' ind2=' ' tag='504'><subfield code='a'>Bibliography: p. [177]-180.</subfield></datafield><datafield ind1=' ' ind2=' ' tag='538'><subfield code='a'>Mode of access: Internet.</subfield></datafield><datafield ind1=' ' ind2='0' tag='650'><subfield code='a'>Tolai (Melanesian people)</subfield></datafield><datafield ind1=' ' ind2='0' tag='651'><subfield code='a'>New Britain Island (Papua New Guinea)</subfield><subfield code='x'>Economic conditions.</subfield></datafield><datafield ind1=' ' ind2=' ' tag='CID'><subfield code='a'>000000013</subfield></datafield><datafield ind1='0' ind2=' ' tag='DAT'><subfield code='a'>20130211144558.0</subfield><subfield code='b'>20130211000000.0</subfield></datafield><datafield ind1='1' ind2=' ' tag='DAT'><subfield code='a'>20130214102355.0</subfield><subfield code='b'>2013-08-01T02:28:40Z</subfield></datafield><datafield ind1='2' ind2=' ' tag='DAT'><subfield code='a'>2010-06-19T06:30:08Z</subfield></datafield><datafield ind1=' ' ind2=' ' tag='CAT'><subfield code='a'>SDR-MIU</subfield><subfield code='d'>EX LIBRIS - ALEPH</subfield><subfield code='l'>loader.pl-002-002</subfield></datafield><datafield ind1=' ' ind2=' ' tag='FMT'><subfield code='a'>BK</subfield></datafield><datafield ind1=' ' ind2=' ' tag='HOL'><subfield code='0'>sdr-miu000000013</subfield><subfield code='a'>MiU</subfield><subfield code='b'>SDR</subfield><subfield code='c'>MIU</subfield><subfield code='p'>mdp.39015021941623</subfield><subfield code='s'>MIU</subfield><subfield code='1'>000000013</subfield></datafield><datafield ind1=' ' ind2=' ' tag='974'><subfield code='b'>MIU</subfield><subfield code='c'>MIU</subfield><subfield code='d'>20130801</subfield><subfield code='s'>google</subfield><subfield code='u'>mdp.39015021941623</subfield><subfield code='r'>ic</subfield></datafield></record>