
<record><leader>01062nam a22003011  4500</leader><controlfield tag='001'>000000017</controlfield><controlfield tag='003'>MiAaHDL</controlfield><controlfield tag='005'>20130211000000.0</controlfield><controlfield tag='006'>m        d        </controlfield><controlfield tag='007'>cr bn ---auaua</controlfield><controlfield tag='008'>880715s1969    iluab  j     |00110 eng  </controlfield><datafield ind1=' ' ind2=' ' tag='010'><subfield code='a'>68011352/AC</subfield></datafield><datafield ind1=' ' ind2=' ' tag='020'><subfield code='a'>0811668614</subfield><subfield code='c'>2.98</subfield></datafield><datafield ind1=' ' ind2=' ' tag='035'><subfield code='a'>(MiU)000000017</subfield></datafield><datafield ind1=' ' ind2=' ' tag='035'><subfield code='a'>sdr-miu000000017</subfield></datafield><datafield ind1=' ' ind2=' ' tag='035'><subfield code='a'>(OCoLC)818</subfield></datafield><datafield ind1=' ' ind2=' ' tag='035'><subfield code='a'>(CaOTULAS)159818018</subfield></datafield><datafield ind1=' ' ind2=' ' tag='035'><subfield code='a'>(RLIN)MIUG0000818-B</subfield></datafield><datafield ind1=' ' ind2=' ' tag='040'><subfield code='a'>DLC</subfield><subfield code='c'>DLC</subfield><subfield code='d'>MiU</subfield></datafield><datafield ind1=' ' ind2='4' tag='050'><subfield code='a'>DK450.2</subfield><subfield code='b'>.P31</subfield></datafield><datafield ind1=' ' ind2=' ' tag='082'><subfield code='a'>914.71/03</subfield></datafield><datafield ind1='1' ind2=' ' tag='100'><subfield code='a'>Paloheimo, Leonora Curtin.</subfield></datafield><datafield ind1='1' ind2='0' tag='245'><subfield code='a'>Finland, champion of independence,</subfield><subfield code='c'>by Leonora Curtin Paloheimo and Jane Werner Watson.</subfield></datafield><datafield ind1=' ' ind2=' ' tag='260'><subfield code='a'>Champaign, Ill.,</subfield><subfield code='b'>Garrard Pub. Co.</subfield><subfield code='c'>[1969]</subfield></datafield><datafield ind1=' ' ind2=' ' tag='300'><subfield code='a'>112 p.</subfield><subfield code='b'>illus. (part col.), col. map (on lining papers)</subfield><subfield code='c'>24 cm.</subfield></datafield><datafield ind1=' ' ind2=' ' tag='520'><subfield code='a'>Stories as well as factual text introduce the peoples, history, geography, resources, and seasons of Finland.</subfield></datafield><datafield ind1=' ' ind2=' ' tag='538'><subfield code='a'>Mode of access: Internet.</subfield></datafield><datafield ind1=' ' ind2='0' tag='651'><subfield code='a'>Finland</subfield><subfield code='x'>Description and travel</subfield><subfield code='x'>Juvenile literature.</subfield></datafield><datafield ind1='1' ind2=' ' tag='700'><subfield code='a'>Watson, Jane Werner,</subfield><subfield code='d'>1915-</subfield></datafield><datafield ind1=' ' ind2=' ' tag='CID'><subfield code='a'>000000017</subfield></datafield><datafield ind1='0' ind2=' ' tag='DAT'><subfield code='a'>20130211144558.0</subfield><subfield code='b'>20130211000000.0</subfield></datafield><datafield ind1='1' ind2=' ' tag='DAT'><subfield code='a'>20130214102355.0</subfield><subfield code='b'>2013-08-01T02:28:40Z</subfield></datafield><datafield ind1='2' ind2=' ' tag='DAT'><subfield code='a'>2010-07-09T06:30:03Z</subfield></datafield><datafield ind1=' ' ind2=' ' tag='CAT'><subfield code='a'>SDR-MIU</subfield><subfield code='d'>EX LIBRIS - ALEPH</subfield><subfield code='l'>loader.pl-002-002</subfield></datafield><datafield ind1=' ' ind2=' ' tag='FMT'><subfield code='a'>BK</subfield></datafield><datafield ind1=' ' ind2=' ' tag='HOL'><subfield code='0'>sdr-miu000000017</subfield><subfield code='a'>MiU</subfield><subfield code='b'>SDR</subfield><subfield code='c'>MIU</subfield><subfield code='p'>mdp.39015019146896</subfield><subfield code='s'>MIU</subfield><subfield code='1'>000000017</subfield></datafield><datafield ind1=' ' ind2=' ' tag='974'><subfield code='b'>MIU</subfield><subfield code='c'>MIU</subfield><subfield code='d'>20130801</subfield><subfield code='s'>google</subfield><subfield code='u'>mdp.39015019146896</subfield><subfield code='r'>ic</subfield></datafield></record>