
<record><leader>00936nam a22003011  4500</leader><controlfield tag='001'>000000018</controlfield><controlfield tag='003'>MiAaHDL</controlfield><controlfield tag='005'>20130211000000.0</controlfield><controlfield tag='006'>m        d        </controlfield><controlfield tag='007'>cr bn ---auaua</controlfield><controlfield tag='008'>880715c19691968nyuahbc      |00110 eng  </controlfield><datafield ind1=' ' ind2=' ' tag='010'><subfield code='a'>68012445</subfield></datafield><datafield ind1=' ' ind2=' ' tag='035'><subfield code='a'>(MiU)000000018</subfield></datafield><datafield ind1=' ' ind2=' ' tag='035'><subfield code='a'>sdr-miu000000018</subfield></datafield><datafield ind1=' ' ind2=' ' tag='035'><subfield code='a'>(OCoLC)839</subfield></datafield><datafield ind1=' ' ind2=' ' tag='035'><subfield code='a'>(CaOTULAS)159818019</subfield></datafield><datafield ind1=' ' ind2=' ' tag='035'><subfield code='a'>(RLIN)MIUG0000839-B</subfield></datafield><datafield ind1=' ' ind2=' ' tag='040'><subfield code='a'>DLC</subfield><subfield code='c'>DLC</subfield><subfield code='d'>MiU</subfield></datafield><datafield ind1='1' ind2=' ' tag='041'><subfield code='a'>engdut</subfield></datafield><datafield ind1='0' ind2=' ' tag='050'><subfield code='a'>DS135.N4</subfield><subfield code='b'>P673 1969</subfield></datafield><datafield ind1=' ' ind2=' ' tag='082'><subfield code='a'>940.54/05/09492</subfield></datafield><datafield ind1='1' ind2=' ' tag='100'><subfield code='a'>Presser, J.</subfield><subfield code='q'>(Jacob),</subfield><subfield code='d'>1899-1970.</subfield></datafield><datafield ind1='1' ind2='4' tag='245'><subfield code='a'>The destruction of the Dutch Jews,</subfield><subfield code='c'>by J. Presser. Translated by Arnold Pomerans.</subfield></datafield><datafield ind1=' ' ind2=' ' tag='260'><subfield code='a'>New York,</subfield><subfield code='b'>Dutton,</subfield><subfield code='c'>1969 [c1968]</subfield></datafield><datafield ind1=' ' ind2=' ' tag='300'><subfield code='a'>xiv, 556 p.</subfield><subfield code='b'>illus., facsims., map, ports.</subfield><subfield code='c'>22 cm.</subfield></datafield><datafield ind1=' ' ind2=' ' tag='500'><subfield code='a'>Translation of Ondergang.</subfield></datafield><datafield ind1=' ' ind2=' ' tag='538'><subfield code='a'>Mode of access: Internet.</subfield></datafield><datafield ind1=' ' ind2='0' tag='650'><subfield code='a'>Holocaust, Jewish (1939-1945)</subfield><subfield code='z'>Netherlands.</subfield></datafield><datafield ind1=' ' ind2='0' tag='650'><subfield code='a'>Jews</subfield><subfield code='z'>Netherlands.</subfield></datafield><datafield ind1=' ' ind2=' ' tag='CID'><subfield code='a'>000000018</subfield></datafield><datafield ind1='0' ind2=' ' tag='DAT'><subfield code='a'>20130211144558.0</subfield><subfield code='b'>20130211000000.0</subfield></datafield><datafield ind1='1' ind2=' ' tag='DAT'><subfield code='a'>20130214102355.0</subfield><subfield code='b'>2013-08-01T02:28:40Z</subfield></datafield><datafield ind1='2' ind2=' ' tag='DAT'><subfield code='a'>2012-07-01T06:30:16Z</subfield></datafield><datafield ind1=' ' ind2=' ' tag='CAT'><subfield code='a'>SDR-MIU</subfield><subfield code='d'>EX LIBRIS - ALEPH</subfield><subfield code='l'>loader.pl-002-002</subfield></datafield><datafield ind1=' ' ind2=' ' tag='FMT'><subfield code='a'>BK</subfield></datafield><datafield ind1=' ' ind2=' ' tag='HOL'><subfield code='0'>sdr-miu000000018</subfield><subfield code='a'>MiU</subfield><subfield code='b'>SDR</subfield><subfield code='c'>MIU</subfield><subfield code='p'>mdp.39015010816356</subfield><subfield code='s'>MIU</subfield><subfield code='1'>000000018</subfield></datafield><datafield ind1=' ' ind2=' ' tag='974'><subfield code='b'>MIU</subfield><subfield code='c'>MIU</subfield><subfield code='d'>20130801</subfield><subfield code='s'>google</subfield><subfield code='u'>mdp.39015010816356</subfield><subfield code='r'>ic</subfield></datafield></record>