
<record><leader>00713nam a22002651  4500</leader><controlfield tag='001'>000000021</controlfield><controlfield tag='003'>MiAaHDL</controlfield><controlfield tag='005'>20130211000000.0</controlfield><controlfield tag='006'>m        d        </controlfield><controlfield tag='007'>cr bn ---auaua</controlfield><controlfield tag='008'>880715s1969    nyu          |00001 eng  </controlfield><datafield ind1=' ' ind2=' ' tag='010'><subfield code='a'>68017809//r71</subfield></datafield><datafield ind1=' ' ind2=' ' tag='035'><subfield code='a'>(MiU)000000021</subfield></datafield><datafield ind1=' ' ind2=' ' tag='035'><subfield code='a'>sdr-miu000000021</subfield></datafield><datafield ind1=' ' ind2=' ' tag='035'><subfield code='a'>sdr-nrlfGLAD375407-B</subfield></datafield><datafield ind1=' ' ind2=' ' tag='035'><subfield code='a'>(OCoLC)1014</subfield></datafield><datafield ind1=' ' ind2=' ' tag='035'><subfield code='a'>(CaOTULAS)159818023</subfield></datafield><datafield ind1=' ' ind2=' ' tag='035'><subfield code='a'>(RLIN)MIUG0001014-B</subfield></datafield><datafield ind1=' ' ind2=' ' tag='040'><subfield code='a'>DLC</subfield><subfield code='c'>DLC</subfield><subfield code='d'>MiU</subfield></datafield><datafield ind1='0' ind2=' ' tag='050'><subfield code='a'>PZ4.P536</subfield><subfield code='b'>Bo3</subfield><subfield code='a'>PS3566.H3</subfield></datafield><datafield ind1=' ' ind2=' ' tag='082'><subfield code='a'>813/.5/4</subfield></datafield><datafield ind1='1' ind2=' ' tag='100'><subfield code='a'>Pharr, Robert Deane.</subfield></datafield><datafield ind1='1' ind2='4' tag='245'><subfield code='a'>The book of numbers.</subfield></datafield><datafield ind1=' ' ind2=' ' tag='250'><subfield code='a'>[1st ed. in the U.S.A.]</subfield></datafield><datafield ind1=' ' ind2=' ' tag='260'><subfield code='a'>Garden City, N.Y.,</subfield><subfield code='b'>Doubleday,</subfield><subfield code='c'>1969.</subfield></datafield><datafield ind1=' ' ind2=' ' tag='300'><subfield code='a'>374 p</subfield><subfield code='c'>22 cm.</subfield></datafield><datafield ind1=' ' ind2=' ' tag='538'><subfield code='a'>Mode of access: Internet.</subfield></datafield><datafield ind1=' ' ind2=' ' tag='CID'><subfield code='a'>000000021</subfield></datafield><datafield ind1='0' ind2=' ' tag='DAT'><subfield code='a'>20130211144558.0</subfield><subfield code='b'>20130211000000.0</subfield></datafield><datafield ind1='1' ind2=' ' tag='DAT'><subfield code='a'>20130214102355.0</subfield><subfield code='b'>2013-09-11T01:23:22Z</subfield></datafield><datafield ind1='2' ind2=' ' tag='DAT'><subfield code='a'>2013-09-11T00:47:47Z</subfield></datafield><datafield ind1=' ' ind2=' ' tag='CAT'><subfield code='a'>SDR-MIU</subfield><subfield code='d'>EX LIBRIS - ALEPH</subfield><subfield code='l'>loader.pl-002-002</subfield></datafield><datafield ind1=' ' ind2=' ' tag='FMT'><subfield code='a'>BK</subfield></datafield><datafield ind1=' ' ind2=' ' tag='HOL'><subfield code='0'>sdr-miu000000021</subfield><subfield code='a'>MiU</subfield><subfield code='b'>SDR</subfield><subfield code='c'>MIU</subfield><subfield code='p'>mdp.39015000545734</subfield><subfield code='s'>MIU</subfield><subfield code='1'>000000021</subfield></datafield><datafield ind1=' ' ind2=' ' tag='974'><subfield code='b'>MIU</subfield><subfield code='c'>MIU</subfield><subfield code='d'>20130911</subfield><subfield code='s'>google</subfield><subfield code='u'>mdp.39015000545734</subfield><subfield code='r'>ic</subfield></datafield><datafield ind1=' ' ind2=' ' tag='974'><subfield code='b'>UC</subfield><subfield code='c'>NRLF</subfield><subfield code='d'>20130806</subfield><subfield code='s'>google</subfield><subfield code='u'>uc1.b120224</subfield><subfield code='r'>ic</subfield></datafield></record>