
<record><leader>01072nam a22003131  4500</leader><controlfield tag='001'>000000022</controlfield><controlfield tag='003'>MiAaHDL</controlfield><controlfield tag='005'>20130211000000.0</controlfield><controlfield tag='006'>m        d        </controlfield><controlfield tag='007'>cr bn ---auaua</controlfield><controlfield tag='008'>880715s1968    iluac        |00000 eng  </controlfield><datafield ind1=' ' ind2=' ' tag='010'><subfield code='a'>68018506</subfield></datafield><datafield ind1=' ' ind2=' ' tag='035'><subfield code='a'>(MiU)000000022</subfield></datafield><datafield ind1=' ' ind2=' ' tag='035'><subfield code='a'>sdr-miu000000022</subfield></datafield><datafield ind1=' ' ind2=' ' tag='035'><subfield code='a'>(OCoLC)1039</subfield></datafield><datafield ind1=' ' ind2=' ' tag='035'><subfield code='a'>(CaOTULAS)159818024</subfield></datafield><datafield ind1=' ' ind2=' ' tag='035'><subfield code='a'>(RLIN)MIUG0001039-B</subfield></datafield><datafield ind1=' ' ind2=' ' tag='040'><subfield code='a'>DLC</subfield><subfield code='c'>DLC</subfield><subfield code='d'>MiU</subfield></datafield><datafield ind1=' ' ind2='4' tag='050'><subfield code='a'>PS323.5</subfield><subfield code='b'>.C31</subfield></datafield><datafield ind1=' ' ind2=' ' tag='082'><subfield code='a'>811/.5/409</subfield></datafield><datafield ind1='1' ind2=' ' tag='100'><subfield code='a'>Carroll, Paul,</subfield><subfield code='d'>1927-</subfield></datafield><datafield ind1='1' ind2='4' tag='245'><subfield code='a'>The poem in its skin.</subfield></datafield><datafield ind1=' ' ind2=' ' tag='260'><subfield code='a'>Chicago,</subfield><subfield code='b'>Follett Pub. Co.</subfield><subfield code='c'>[1968]</subfield></datafield><datafield ind1=' ' ind2=' ' tag='300'><subfield code='a'>ix, 262 p.</subfield><subfield code='b'>illus. ports.</subfield><subfield code='c'>22 cm.</subfield></datafield><datafield ind1='0' ind2=' ' tag='490'><subfield code='a'>A Big table book</subfield></datafield><datafield ind1=' ' ind2=' ' tag='500'><subfield code='a'>Essays about ten poets with text of the poems included.</subfield></datafield><datafield ind1='0' ind2=' ' tag='505'><subfield code='a'>John Ashbery.--Robert Creeley.--James Dickey.--Isabella Gardner.--Allen Ginsberg.--John Logan.--W. S. Merwin.--Frank O&apos;Hara.--W. D. Snodgrass.--James Wright.</subfield></datafield><datafield ind1=' ' ind2=' ' tag='538'><subfield code='a'>Mode of access: Internet.</subfield></datafield><datafield ind1=' ' ind2='0' tag='650'><subfield code='a'>American poetry</subfield><subfield code='y'>20th century</subfield><subfield code='x'>History and criticism.</subfield></datafield><datafield ind1=' ' ind2='0' tag='650'><subfield code='a'>American poetry</subfield><subfield code='x'>Explication</subfield></datafield><datafield ind1=' ' ind2=' ' tag='CID'><subfield code='a'>000000022</subfield></datafield><datafield ind1='0' ind2=' ' tag='DAT'><subfield code='a'>20130211144558.0</subfield><subfield code='b'>20130211000000.0</subfield></datafield><datafield ind1='1' ind2=' ' tag='DAT'><subfield code='a'>20130214102355.0</subfield><subfield code='b'>2013-08-01T02:28:41Z</subfield></datafield><datafield ind1='2' ind2=' ' tag='DAT'><subfield code='a'>2012-06-29T06:30:12Z</subfield></datafield><datafield ind1=' ' ind2=' ' tag='CAT'><subfield code='a'>SDR-MIU</subfield><subfield code='d'>EX LIBRIS - ALEPH</subfield><subfield code='l'>loader.pl-002-002</subfield></datafield><datafield ind1=' ' ind2=' ' tag='FMT'><subfield code='a'>BK</subfield></datafield><datafield ind1=' ' ind2=' ' tag='HOL'><subfield code='0'>sdr-miu000000022</subfield><subfield code='a'>MiU</subfield><subfield code='b'>SDR</subfield><subfield code='c'>MIU</subfield><subfield code='p'>mdp.39015014695483</subfield><subfield code='s'>MIU</subfield><subfield code='1'>000000022</subfield></datafield><datafield ind1=' ' ind2=' ' tag='974'><subfield code='b'>MIU</subfield><subfield code='c'>MIU</subfield><subfield code='d'>20130801</subfield><subfield code='s'>google</subfield><subfield code='u'>mdp.39015014695483</subfield><subfield code='r'>ic</subfield></datafield></record>