
<record><leader>01323cam a2200373   4500</leader><controlfield tag='001'>000000023</controlfield><controlfield tag='003'>MiAaHDL</controlfield><controlfield tag='005'>20090821000000.0</controlfield><controlfield tag='006'>m        d        </controlfield><controlfield tag='007'>cr bn ---auaua</controlfield><controlfield tag='008'>690411s1969    enka          001 0 eng  </controlfield><datafield ind1=' ' ind2=' ' tag='010'><subfield code='a'>68018526</subfield></datafield><datafield ind1=' ' ind2=' ' tag='015'><subfield code='a'>GB69-12796</subfield></datafield><datafield ind1=' ' ind2=' ' tag='019'><subfield code='a'>2509398</subfield><subfield code='a'>3530731</subfield></datafield><datafield ind1=' ' ind2=' ' tag='020'><subfield code='a'>0080091032</subfield></datafield><datafield ind1=' ' ind2=' ' tag='035'><subfield code='a'>sdr-ucsd.b13003185</subfield></datafield><datafield ind1=' ' ind2=' ' tag='040'><subfield code='a'>DLC</subfield><subfield code='c'>DLC</subfield><subfield code='d'>UKM</subfield><subfield code='d'>OCL</subfield><subfield code='d'>OCLCQ</subfield><subfield code='d'>UtOrBLW</subfield></datafield><datafield ind1='1' ind2=' ' tag='041'><subfield code='a'>eng</subfield><subfield code='h'>rus</subfield></datafield><datafield ind1='0' ind2=' ' tag='050'><subfield code='a'>QC175</subfield><subfield code='b'>.L32 1969</subfield></datafield><datafield ind1='0' ind2=' ' tag='082'><subfield code='a'>530.13/2</subfield></datafield><datafield ind1=' ' ind2=' ' tag='035'><subfield code='a'>(OCoLC)1042</subfield></datafield><datafield ind1='1' ind2=' ' tag='100'><subfield code='a'>Landau, L. D.</subfield><subfield code='q'>(Lev Davidovich),</subfield><subfield code='d'>1908-1968</subfield></datafield><datafield ind1='1' ind2='0' tag='240'><subfield code='a'>Statisticheskai͡a fizika.</subfield><subfield code='l'>English</subfield></datafield><datafield ind1='1' ind2='0' tag='245'><subfield code='a'>Statistical physics,</subfield><subfield code='c'>by L.D. Landau and E.M. Lifshitz. Translated from the Russian by J.B. Sykes and M.J. Kearsley</subfield></datafield><datafield ind1=' ' ind2=' ' tag='250'><subfield code='a'>2d rev. and enl. ed</subfield></datafield><datafield ind1=' ' ind2=' ' tag='260'><subfield code='a'>Oxford,</subfield><subfield code='a'>New York :</subfield><subfield code='b'>Pergamon Press,</subfield><subfield code='c'>[1969]</subfield></datafield><datafield ind1=' ' ind2=' ' tag='300'><subfield code='a'>xii, 484 p.</subfield><subfield code='b'>illus.</subfield><subfield code='c'>26 cm</subfield></datafield><datafield ind1='0' ind2=' ' tag='490'><subfield code='a'>Course of theoretical physics, by L.D. Landau and E.M. Lifshitz,</subfield><subfield code='v'>v. 5</subfield></datafield><datafield ind1=' ' ind2=' ' tag='538'><subfield code='a'>Mode of access: Internet.</subfield></datafield><datafield ind1=' ' ind2='0' tag='650'><subfield code='a'>Statistical physics</subfield></datafield><datafield ind1='1' ind2=' ' tag='700'><subfield code='a'>Lifshit͡s, E. M.</subfield><subfield code='q'>(Evgeniĭ Mikhaĭlovich)</subfield></datafield><datafield ind1=' ' ind2=' ' tag='CID'><subfield code='a'>000000023</subfield></datafield><datafield ind1='0' ind2=' ' tag='DAT'><subfield code='a'>20051208161521.0</subfield><subfield code='b'>20090821000000.0</subfield></datafield><datafield ind1='1' ind2=' ' tag='DAT'><subfield code='a'>20120815104013.0</subfield><subfield code='b'>2013-08-09T16:52:40Z</subfield></datafield><datafield ind1='2' ind2=' ' tag='DAT'><subfield code='a'>2009-10-23T23:30:02Z</subfield></datafield><datafield ind1=' ' ind2=' ' tag='CAT'><subfield code='a'>SDR-UCSD</subfield><subfield code='d'>III - MILLENIUM</subfield><subfield code='l'>loader.pl-001-001</subfield></datafield><datafield ind1=' ' ind2=' ' tag='FMT'><subfield code='a'>BK</subfield></datafield><datafield ind1=' ' ind2=' ' tag='HOL'><subfield code='0'>sdr-ucsd.b13003185</subfield><subfield code='a'>uc1</subfield><subfield code='b'>SDR</subfield><subfield code='c'>UCSD</subfield><subfield code='p'>uc1.31822007598626</subfield><subfield code='s'>UC</subfield><subfield code='1'>.b13003185</subfield></datafield><datafield ind1=' ' ind2=' ' tag='974'><subfield code='b'>UC</subfield><subfield code='c'>UCSD</subfield><subfield code='d'>20130809</subfield><subfield code='s'>google</subfield><subfield code='u'>uc1.31822007598626</subfield><subfield code='r'>ic</subfield></datafield></record>