
<record><leader>00933nam a22003011  4500</leader><controlfield tag='001'>000000024</controlfield><controlfield tag='003'>MiAaHDL</controlfield><controlfield tag='005'>20130211000000.0</controlfield><controlfield tag='006'>m        d        </controlfield><controlfield tag='007'>cr bn ---auaua</controlfield><controlfield tag='008'>880907s1969    nyu      b   |00110 eng  </controlfield><datafield ind1=' ' ind2=' ' tag='010'><subfield code='a'>68020818</subfield></datafield><datafield ind1=' ' ind2=' ' tag='035'><subfield code='a'>(MiU)000000024</subfield></datafield><datafield ind1=' ' ind2=' ' tag='035'><subfield code='a'>sdr-miu000000024</subfield></datafield><datafield ind1=' ' ind2=' ' tag='035'><subfield code='a'>(OCoLC)1132</subfield></datafield><datafield ind1=' ' ind2=' ' tag='035'><subfield code='a'>(CaOTULAS)175629502</subfield></datafield><datafield ind1=' ' ind2=' ' tag='035'><subfield code='a'>(RLIN)MIUG0001132-B</subfield></datafield><datafield ind1=' ' ind2=' ' tag='040'><subfield code='a'>DLC</subfield><subfield code='c'>DLC</subfield><subfield code='d'>*OCL*</subfield><subfield code='d'>MiU</subfield></datafield><datafield ind1='0' ind2=' ' tag='050'><subfield code='a'>KF4136.A315</subfield><subfield code='b'>A163</subfield></datafield><datafield ind1=' ' ind2=' ' tag='082'><subfield code='a'>340</subfield></datafield><datafield ind1='1' ind2=' ' tag='100'><subfield code='a'>Eidenberg, Eugene.</subfield></datafield><datafield ind1='1' ind2='3' tag='245'><subfield code='a'>An act of Congress;</subfield><subfield code='b'>the legislative process and the making of education policy</subfield><subfield code='c'>[by] Eugene Eidenberg and Roy D. Morey.</subfield></datafield><datafield ind1=' ' ind2=' ' tag='250'><subfield code='a'>[1st ed.]</subfield></datafield><datafield ind1=' ' ind2=' ' tag='260'><subfield code='a'>New York,</subfield><subfield code='b'>Norton</subfield><subfield code='c'>[1969]</subfield></datafield><datafield ind1=' ' ind2=' ' tag='300'><subfield code='a'>xi, 256 p.</subfield><subfield code='c'>21 cm.</subfield></datafield><datafield ind1=' ' ind2=' ' tag='504'><subfield code='a'>Bibliographical footnotes.</subfield></datafield><datafield ind1=' ' ind2=' ' tag='538'><subfield code='a'>Mode of access: Internet.</subfield></datafield><datafield ind1='1' ind2='0' tag='610'><subfield code='a'>United States.</subfield><subfield code='t'>Elementary and Secondary Education Act of 1965.</subfield></datafield><datafield ind1='1' ind2=' ' tag='700'><subfield code='a'>Morey, Roy D.</subfield></datafield><datafield ind1=' ' ind2=' ' tag='CID'><subfield code='a'>000000024</subfield></datafield><datafield ind1='0' ind2=' ' tag='DAT'><subfield code='a'>20130211144558.0</subfield><subfield code='b'>20130211000000.0</subfield></datafield><datafield ind1='1' ind2=' ' tag='DAT'><subfield code='a'>20130214102355.0</subfield><subfield code='b'>2013-08-01T02:28:41Z</subfield></datafield><datafield ind1='2' ind2=' ' tag='DAT'><subfield code='a'>2009-02-08T11:30:31Z</subfield></datafield><datafield ind1=' ' ind2=' ' tag='CAT'><subfield code='a'>SDR-MIU</subfield><subfield code='d'>EX LIBRIS - ALEPH</subfield><subfield code='l'>loader.pl-002-002</subfield></datafield><datafield ind1=' ' ind2=' ' tag='FMT'><subfield code='a'>BK</subfield></datafield><datafield ind1=' ' ind2=' ' tag='HOL'><subfield code='0'>sdr-miu000000024</subfield><subfield code='a'>MiU</subfield><subfield code='b'>SDR</subfield><subfield code='c'>MIU</subfield><subfield code='p'>mdp.39015014175080</subfield><subfield code='s'>MIU</subfield><subfield code='1'>000000024</subfield></datafield><datafield ind1=' ' ind2=' ' tag='974'><subfield code='b'>MIU</subfield><subfield code='c'>MIU</subfield><subfield code='d'>20130801</subfield><subfield code='s'>google</subfield><subfield code='u'>mdp.39015014175080</subfield><subfield code='r'>ic</subfield></datafield></record>