
<record><leader>01065nam a22003131  4500</leader><controlfield tag='001'>000000025</controlfield><controlfield tag='003'>MiAaHDL</controlfield><controlfield tag='005'>20130211000000.0</controlfield><controlfield tag='006'>m        d        </controlfield><controlfield tag='007'>cr bn ---auaua</controlfield><controlfield tag='008'>880715r19681935nyuahc   b   |00100ceng  </controlfield><datafield ind1=' ' ind2=' ' tag='010'><subfield code='a'>68021204</subfield></datafield><datafield ind1=' ' ind2=' ' tag='035'><subfield code='a'>(MiU)000000025</subfield></datafield><datafield ind1=' ' ind2=' ' tag='035'><subfield code='a'>sdr-miu000000025</subfield></datafield><datafield ind1=' ' ind2=' ' tag='035'><subfield code='a'>(OCoLC)1158</subfield></datafield><datafield ind1=' ' ind2=' ' tag='035'><subfield code='a'>(CaOTULAS)159818029</subfield></datafield><datafield ind1=' ' ind2=' ' tag='035'><subfield code='a'>(RLIN)MIUG0001158-B</subfield></datafield><datafield ind1=' ' ind2=' ' tag='040'><subfield code='a'>DLC</subfield><subfield code='c'>DLC</subfield><subfield code='d'>MiU</subfield></datafield><datafield ind1='0' ind2=' ' tag='050'><subfield code='a'>E302.6.L67</subfield><subfield code='b'>L6 1968</subfield></datafield><datafield ind1=' ' ind2=' ' tag='082'><subfield code='a'>917.48/11/0330924</subfield></datafield><datafield ind1='1' ind2=' ' tag='100'><subfield code='a'>Livingston, Anne Home Shippen,</subfield><subfield code='d'>1763-1841.</subfield></datafield><datafield ind1='1' ind2='0' tag='245'><subfield code='a'>Nancy Shippen, her journal book;</subfield><subfield code='b'>the international romance of a young lady of fashion of colonial Philadelphia with letters to her and about her.</subfield><subfield code='c'>Compiled and edited by Ethel Armes.</subfield></datafield><datafield ind1=' ' ind2=' ' tag='260'><subfield code='a'>New York,</subfield><subfield code='b'>B. Blom,</subfield><subfield code='c'>1968.</subfield></datafield><datafield ind1=' ' ind2=' ' tag='300'><subfield code='a'>348 p.</subfield><subfield code='b'>illus., facsims., ports.</subfield><subfield code='c'>24 cm.</subfield></datafield><datafield ind1=' ' ind2=' ' tag='500'><subfield code='a'>Reprint of the 1935 ed.</subfield></datafield><datafield ind1=' ' ind2=' ' tag='504'><subfield code='a'>Bibliography: p. 317-[321]</subfield></datafield><datafield ind1=' ' ind2=' ' tag='538'><subfield code='a'>Mode of access: Internet.</subfield></datafield><datafield ind1='3' ind2='0' tag='600'><subfield code='a'>Livingston family.</subfield></datafield><datafield ind1='3' ind2='0' tag='600'><subfield code='a'>Shippen family.</subfield></datafield><datafield ind1='1' ind2=' ' tag='700'><subfield code='a'>Armes, Ethel,</subfield><subfield code='d'>1876-1945.</subfield></datafield><datafield ind1=' ' ind2=' ' tag='CID'><subfield code='a'>000000025</subfield></datafield><datafield ind1='0' ind2=' ' tag='DAT'><subfield code='a'>20130211144558.0</subfield><subfield code='b'>20130211000000.0</subfield></datafield><datafield ind1='1' ind2=' ' tag='DAT'><subfield code='a'>20130214102355.0</subfield><subfield code='b'>2013-08-01T02:28:42Z</subfield></datafield><datafield ind1='2' ind2=' ' tag='DAT'><subfield code='a'>2012-12-05T08:30:20Z</subfield></datafield><datafield ind1=' ' ind2=' ' tag='CAT'><subfield code='a'>SDR-MIU</subfield><subfield code='d'>EX LIBRIS - ALEPH</subfield><subfield code='l'>loader.pl-002-002</subfield></datafield><datafield ind1=' ' ind2=' ' tag='FMT'><subfield code='a'>BK</subfield></datafield><datafield ind1=' ' ind2=' ' tag='HOL'><subfield code='0'>sdr-miu000000025</subfield><subfield code='a'>MiU</subfield><subfield code='b'>SDR</subfield><subfield code='c'>MIU</subfield><subfield code='p'>mdp.39015009290266</subfield><subfield code='s'>MIU</subfield><subfield code='1'>000000025</subfield></datafield><datafield ind1=' ' ind2=' ' tag='974'><subfield code='b'>MIU</subfield><subfield code='c'>MIU</subfield><subfield code='d'>20130801</subfield><subfield code='s'>google</subfield><subfield code='u'>mdp.39015009290266</subfield><subfield code='r'>ic</subfield></datafield></record>