
<record><leader>01168nam a22003491  4500</leader><controlfield tag='001'>000000026</controlfield><controlfield tag='003'>MiAaHDL</controlfield><controlfield tag='005'>20130211000000.0</controlfield><controlfield tag='006'>m        d        </controlfield><controlfield tag='007'>cr bn ---auaua</controlfield><controlfield tag='008'>880715r19681663nyufe    b   |000 0 eng  </controlfield><datafield ind1=' ' ind2=' ' tag='010'><subfield code='a'>68021226</subfield></datafield><datafield ind1=' ' ind2=' ' tag='035'><subfield code='a'>(MiU)000000026</subfield></datafield><datafield ind1=' ' ind2=' ' tag='035'><subfield code='a'>sdr-miu000000026</subfield></datafield><datafield ind1=' ' ind2=' ' tag='035'><subfield code='a'>(OCoLC)1159</subfield></datafield><datafield ind1=' ' ind2=' ' tag='035'><subfield code='a'>(CaOTULAS)159818030</subfield></datafield><datafield ind1=' ' ind2=' ' tag='035'><subfield code='a'>(RLIN)MIUG0001159-B</subfield></datafield><datafield ind1=' ' ind2=' ' tag='040'><subfield code='a'>DLC</subfield><subfield code='c'>DLC</subfield><subfield code='d'>MiU</subfield></datafield><datafield ind1='0' ind2=' ' tag='041'><subfield code='a'>engita</subfield></datafield><datafield ind1='0' ind2=' ' tag='082'><subfield code='a'>728.8/2</subfield></datafield><datafield ind1='1' ind2=' ' tag='100'><subfield code='a'>Rubens, Peter Paul,</subfield><subfield code='d'>1577-1640.</subfield></datafield><datafield ind1='0' ind2='0' tag='240'><subfield code='a'>Palazzi di Genova</subfield></datafield><datafield ind1='1' ind2='0' tag='245'><subfield code='a'>Palazzi antichi di Genova. :</subfield><subfield code='b'>Palazzi moderni di Genova /</subfield><subfield code='c'>With an introductory essay by Alan A. Tait.</subfield></datafield><datafield ind1=' ' ind2=' ' tag='260'><subfield code='a'>New York :</subfield><subfield code='b'>Blom,</subfield><subfield code='c'>1968.</subfield></datafield><datafield ind1=' ' ind2=' ' tag='300'><subfield code='a'>2 v. in 1.</subfield><subfield code='b'>139 plates (incl. plans)</subfield><subfield code='c'>40 cm.</subfield></datafield><datafield ind1=' ' ind2=' ' tag='500'><subfield code='a'>Captions in Italian.</subfield></datafield><datafield ind1=' ' ind2=' ' tag='500'><subfield code='a'>Reproduction of the 1663 ed., first published in 1622 as two separate works, each having title: Palazzi di Genova.</subfield></datafield><datafield ind1=' ' ind2=' ' tag='538'><subfield code='a'>Mode of access: Internet.</subfield></datafield><datafield ind1=' ' ind2='0' tag='650'><subfield code='a'>Palaces</subfield><subfield code='z'>Italy</subfield><subfield code='z'>Genoa.</subfield></datafield><datafield ind1=' ' ind2='0' tag='650'><subfield code='a'>Architecture</subfield><subfield code='z'>Italy</subfield><subfield code='z'>Genoa.</subfield></datafield><datafield ind1=' ' ind2='0' tag='651'><subfield code='a'>Genoa (Italy)</subfield><subfield code='x'>Buildings, structures, etc.</subfield></datafield><datafield ind1='0' ind2=' ' tag='740'><subfield code='a'>Palazzi moderni di Genova.</subfield></datafield><datafield ind1=' ' ind2=' ' tag='CID'><subfield code='a'>000000026</subfield></datafield><datafield ind1='0' ind2=' ' tag='DAT'><subfield code='a'>20130211144558.0</subfield><subfield code='b'>20130211000000.0</subfield></datafield><datafield ind1='1' ind2=' ' tag='DAT'><subfield code='a'>20130214102355.0</subfield><subfield code='b'>2013-08-01T02:28:42Z</subfield></datafield><datafield ind1='2' ind2=' ' tag='DAT'><subfield code='a'>2012-05-10T15:30:20Z</subfield></datafield><datafield ind1=' ' ind2=' ' tag='CAT'><subfield code='a'>SDR-MIU</subfield><subfield code='d'>EX LIBRIS - ALEPH</subfield><subfield code='l'>loader.pl-002-002</subfield></datafield><datafield ind1=' ' ind2=' ' tag='FMT'><subfield code='a'>BK</subfield></datafield><datafield ind1=' ' ind2=' ' tag='HOL'><subfield code='0'>sdr-miu000000026</subfield><subfield code='a'>MiU</subfield><subfield code='b'>SDR</subfield><subfield code='c'>MIU</subfield><subfield code='p'>mdp.39015016600069</subfield><subfield code='s'>MIU</subfield><subfield code='1'>000000026</subfield></datafield><datafield ind1=' ' ind2=' ' tag='974'><subfield code='b'>MIU</subfield><subfield code='c'>MIU</subfield><subfield code='d'>20130801</subfield><subfield code='s'>google</subfield><subfield code='u'>mdp.39015016600069</subfield><subfield code='r'>ic</subfield></datafield></record>