
<record><leader>01193nam a2200265   4500</leader><controlfield tag='001'>000000029</controlfield><controlfield tag='003'>MiAaHDL</controlfield><controlfield tag='005'>20090407000000.0</controlfield><controlfield tag='006'>m        d        </controlfield><controlfield tag='007'>cr bn ---auaua</controlfield><controlfield tag='008'>840914s1969    nyuc     b    00110 eng  </controlfield><datafield ind1=' ' ind2=' ' tag='010'><subfield code='a'>   68021858</subfield></datafield><datafield ind1=' ' ind2=' ' tag='035'><subfield code='a'>sdr-nrlfGLAD190556-B</subfield></datafield><datafield ind1=' ' ind2=' ' tag='035'><subfield code='a'>(OCoLC)1203</subfield></datafield><datafield ind1=' ' ind2=' ' tag='040'><subfield code='a'>DLC</subfield><subfield code='c'>DLC</subfield><subfield code='d'>m.c.</subfield><subfield code='d'>CUY</subfield></datafield><datafield ind1='0' ind2=' ' tag='050'><subfield code='a'>BM40</subfield><subfield code='b'>.S72</subfield></datafield><datafield ind1=' ' ind2=' ' tag='082'><subfield code='a'>296/.08</subfield></datafield><datafield ind1=' ' ind2=' ' tag='090'><subfield code='a'> BM40</subfield><subfield code='b'>.S72</subfield></datafield><datafield ind1='1' ind2='0' tag='100'><subfield code='a'>Stitskin, Leon D.</subfield></datafield><datafield ind1='1' ind2='0' tag='245'><subfield code='a'>Studies in Torah Judaism,</subfield><subfield code='c'>edited by Leon D. Stitskin.</subfield></datafield><datafield ind1='0' ind2=' ' tag='260'><subfield code='a'>[New York]</subfield><subfield code='b'>Yeshiva University Press,</subfield><subfield code='c'>1969.</subfield></datafield><datafield ind1=' ' ind2=' ' tag='300'><subfield code='a'>xxi, 587 p.</subfield><subfield code='b'>port.</subfield><subfield code='c'>24 cm.</subfield></datafield><datafield ind1=' ' ind2=' ' tag='350'><subfield code='a'>12.50</subfield></datafield><datafield ind1=' ' ind2=' ' tag='500'><subfield code='a'>Originally published as separate monographs in the series Studies in Torah Judaism.</subfield></datafield><datafield ind1=' ' ind2=' ' tag='504'><subfield code='a'>Includes bibliographical references and index.</subfield></datafield><datafield ind1='0' ind2=' ' tag='505'><subfield code='a'>The philosophy of purpose, by S. Belkin.--Sabbath and festivals in the modern age, by E. Rackman.--Prayer, by E. Berkovits.--The Kaddish: man&apos;s reply to the problem of evil, by M. Luban.--The nature and history of Jewish law, by M. Lewittes.--Jewish law faces modern problems, by I. Jakobovits.--Knowledge and love in rabbinic lore, by L. Jung.--Science and religion, by S. Roth.</subfield></datafield><datafield ind1=' ' ind2=' ' tag='538'><subfield code='a'>Mode of access: Internet.</subfield></datafield><datafield ind1=' ' ind2='0' tag='650'><subfield code='a'>Jewish law.</subfield></datafield><datafield ind1=' ' ind2='0' tag='650'><subfield code='a'>Orthodox Judaism.</subfield></datafield><datafield ind1=' ' ind2=' ' tag='CID'><subfield code='a'>000000029</subfield></datafield><datafield ind1='0' ind2=' ' tag='DAT'><subfield code='a'>20080122112348.0</subfield><subfield code='b'>20090407000000.0</subfield></datafield><datafield ind1='1' ind2=' ' tag='DAT'><subfield code='a'>20120815184702.0</subfield><subfield code='b'>2013-08-05T16:19:24Z</subfield></datafield><datafield ind1='2' ind2=' ' tag='DAT'><subfield code='a'>2010-09-06T06:32:03Z</subfield></datafield><datafield ind1=' ' ind2=' ' tag='CAT'><subfield code='a'>SDR-NRLF</subfield><subfield code='d'>LOCAL - GLADIS</subfield><subfield code='l'>loader.pl-001-001</subfield></datafield><datafield ind1=' ' ind2=' ' tag='FMT'><subfield code='a'>BK</subfield></datafield><datafield ind1=' ' ind2=' ' tag='HOL'><subfield code='0'>sdr-nrlfGLAD190556-B</subfield><subfield code='a'>uc1</subfield><subfield code='b'>SDR</subfield><subfield code='c'>NRLF</subfield><subfield code='p'>uc1.b3417249</subfield><subfield code='s'>UC</subfield><subfield code='1'>GLAD190556-B</subfield></datafield><datafield ind1=' ' ind2=' ' tag='974'><subfield code='b'>UC</subfield><subfield code='c'>NRLF</subfield><subfield code='d'>20130805</subfield><subfield code='s'>google</subfield><subfield code='u'>uc1.b3417249</subfield><subfield code='r'>ic</subfield></datafield></record>