
<record><leader>00883nam a22003011  4500</leader><controlfield tag='001'>000000030</controlfield><controlfield tag='003'>MiAaHDL</controlfield><controlfield tag='005'>20130211000000.0</controlfield><controlfield tag='006'>m        d        </controlfield><controlfield tag='007'>cr bn ---auaua</controlfield><controlfield tag='008'>880715s1969    nyua     b    00010 eng  </controlfield><datafield ind1=' ' ind2=' ' tag='010'><subfield code='a'>68023481//r70</subfield></datafield><datafield ind1=' ' ind2=' ' tag='035'><subfield code='a'>(MiU)000000030</subfield></datafield><datafield ind1=' ' ind2=' ' tag='035'><subfield code='a'>sdr-miu000000030</subfield></datafield><datafield ind1=' ' ind2=' ' tag='035'><subfield code='a'>(OCoLC)1310</subfield></datafield><datafield ind1=' ' ind2=' ' tag='035'><subfield code='a'>(CaOTULAS)159818034</subfield></datafield><datafield ind1=' ' ind2=' ' tag='035'><subfield code='a'>(RLIN)MIUG0001310-B</subfield></datafield><datafield ind1=' ' ind2=' ' tag='040'><subfield code='a'>DLC</subfield><subfield code='c'>DLC</subfield><subfield code='d'>MiU</subfield></datafield><datafield ind1='0' ind2=' ' tag='050'><subfield code='a'>QA402</subfield><subfield code='b'>.C8</subfield></datafield><datafield ind1=' ' ind2=' ' tag='082'><subfield code='a'>517/.6</subfield></datafield><datafield ind1='1' ind2=' ' tag='100'><subfield code='a'>Cuénod, Michel A.</subfield><subfield code='d'>1918-</subfield></datafield><datafield ind1='1' ind2='2' tag='245'><subfield code='a'>A discrete-time approach for system analysis</subfield><subfield code='c'>[by] Michel Cuénod [and] Allen Durling.</subfield></datafield><datafield ind1=' ' ind2=' ' tag='260'><subfield code='a'>New York,</subfield><subfield code='b'>Academic Press,</subfield><subfield code='c'>1969.</subfield></datafield><datafield ind1=' ' ind2=' ' tag='300'><subfield code='a'>xii, 221 p.</subfield><subfield code='b'>illus.</subfield><subfield code='c'>24 cm.</subfield></datafield><datafield ind1='0' ind2=' ' tag='490'><subfield code='a'>Electrical science</subfield></datafield><datafield ind1=' ' ind2=' ' tag='504'><subfield code='a'>Bibliography: p. [193]-195.</subfield></datafield><datafield ind1=' ' ind2=' ' tag='538'><subfield code='a'>Mode of access: Internet.</subfield></datafield><datafield ind1=' ' ind2='0' tag='650'><subfield code='a'>System analysis</subfield></datafield><datafield ind1='1' ind2=' ' tag='700'><subfield code='a'>Durling, Allen E.</subfield></datafield><datafield ind1=' ' ind2=' ' tag='CID'><subfield code='a'>000000030</subfield></datafield><datafield ind1='0' ind2=' ' tag='DAT'><subfield code='a'>20130211144558.0</subfield><subfield code='b'>20130211000000.0</subfield></datafield><datafield ind1='1' ind2=' ' tag='DAT'><subfield code='a'>20130214102355.0</subfield><subfield code='b'>2013-08-01T02:28:42Z</subfield></datafield><datafield ind1='2' ind2=' ' tag='DAT'><subfield code='a'>2007-06-28T20:29:34Z</subfield></datafield><datafield ind1=' ' ind2=' ' tag='CAT'><subfield code='a'>SDR-MIU</subfield><subfield code='d'>EX LIBRIS - ALEPH</subfield><subfield code='l'>loader.pl-002-002</subfield></datafield><datafield ind1=' ' ind2=' ' tag='FMT'><subfield code='a'>BK</subfield></datafield><datafield ind1=' ' ind2=' ' tag='HOL'><subfield code='0'>sdr-miu000000030</subfield><subfield code='a'>MiU</subfield><subfield code='b'>SDR</subfield><subfield code='c'>MIU</subfield><subfield code='p'>mdp.39015004570019</subfield><subfield code='s'>MIU</subfield><subfield code='1'>000000030</subfield></datafield><datafield ind1=' ' ind2=' ' tag='974'><subfield code='b'>MIU</subfield><subfield code='c'>MIU</subfield><subfield code='d'>20130801</subfield><subfield code='s'>google</subfield><subfield code='u'>mdp.39015004570019</subfield><subfield code='r'>ic</subfield></datafield></record>