
<record><leader>00983nam a22003011  4500</leader><controlfield tag='001'>000000031</controlfield><controlfield tag='003'>MiAaHDL</controlfield><controlfield tag='005'>20130211000000.0</controlfield><controlfield tag='006'>m        d        </controlfield><controlfield tag='007'>cr bn ---auaua</controlfield><controlfield tag='008'>880715s1969    cauach   b    00010 eng  </controlfield><datafield ind1=' ' ind2=' ' tag='010'><subfield code='a'>68023900</subfield></datafield><datafield ind1=' ' ind2=' ' tag='035'><subfield code='a'>(MiU)000000031</subfield></datafield><datafield ind1=' ' ind2=' ' tag='035'><subfield code='a'>sdr-miu000000031</subfield></datafield><datafield ind1=' ' ind2=' ' tag='035'><subfield code='a'>(OCoLC)1340</subfield></datafield><datafield ind1=' ' ind2=' ' tag='035'><subfield code='a'>(CaOTULAS)159818035</subfield></datafield><datafield ind1=' ' ind2=' ' tag='035'><subfield code='a'>(RLIN)MIUG0001340-B</subfield></datafield><datafield ind1=' ' ind2=' ' tag='040'><subfield code='a'>DLC</subfield><subfield code='c'>DLC</subfield><subfield code='d'>MiU</subfield><subfield code='d'>CStRLIN</subfield></datafield><datafield ind1='0' ind2=' ' tag='050'><subfield code='a'>PS1331.A3</subfield><subfield code='b'>R73</subfield></datafield><datafield ind1=' ' ind2=' ' tag='082'><subfield code='a'>817/.4</subfield></datafield><datafield ind1='1' ind2=' ' tag='100'><subfield code='a'>Twain, Mark,</subfield><subfield code='d'>1835-1910.</subfield></datafield><datafield ind1='1' ind2='0' tag='245'><subfield code='a'>Mark Twain&apos;s correspondence with Henry Huttleston Rogers, 1893-1909.</subfield><subfield code='c'>Edited, with an introd., by Lewis Leary.</subfield></datafield><datafield ind1=' ' ind2=' ' tag='260'><subfield code='a'>Berkeley,</subfield><subfield code='b'>University of California Press,</subfield><subfield code='c'>1969.</subfield></datafield><datafield ind1=' ' ind2=' ' tag='300'><subfield code='a'>xvii, 768 p.</subfield><subfield code='b'>illus., facsims., ports.</subfield><subfield code='c'>24 cm.</subfield></datafield><datafield ind1='0' ind2=' ' tag='490'><subfield code='a'>Mark Twain papers</subfield></datafield><datafield ind1=' ' ind2=' ' tag='504'><subfield code='a'>Bibliographical footnotes.</subfield></datafield><datafield ind1=' ' ind2=' ' tag='538'><subfield code='a'>Mode of access: Internet.</subfield></datafield><datafield ind1='1' ind2=' ' tag='700'><subfield code='a'>Leary, Lewis Gaston,</subfield><subfield code='d'>1906-</subfield><subfield code='e'>ed.</subfield></datafield><datafield ind1='1' ind2=' ' tag='700'><subfield code='a'>Rogers, Henry Huttleston,</subfield><subfield code='d'>1840-1909</subfield></datafield><datafield ind1=' ' ind2=' ' tag='CID'><subfield code='a'>000000031</subfield></datafield><datafield ind1='0' ind2=' ' tag='DAT'><subfield code='a'>20130211144558.0</subfield><subfield code='b'>20130211000000.0</subfield></datafield><datafield ind1='1' ind2=' ' tag='DAT'><subfield code='a'>20130214102355.0</subfield><subfield code='b'>2013-08-01T02:28:43Z</subfield></datafield><datafield ind1='2' ind2=' ' tag='DAT'><subfield code='a'>2007-07-17T20:25:32Z</subfield></datafield><datafield ind1=' ' ind2=' ' tag='CAT'><subfield code='a'>SDR-MIU</subfield><subfield code='d'>EX LIBRIS - ALEPH</subfield><subfield code='l'>loader.pl-002-002</subfield></datafield><datafield ind1=' ' ind2=' ' tag='FMT'><subfield code='a'>BK</subfield></datafield><datafield ind1=' ' ind2=' ' tag='HOL'><subfield code='0'>sdr-miu000000031</subfield><subfield code='a'>MiU</subfield><subfield code='b'>SDR</subfield><subfield code='c'>MIU</subfield><subfield code='p'>mdp.39015002308438</subfield><subfield code='s'>MIU</subfield><subfield code='1'>000000031</subfield></datafield><datafield ind1=' ' ind2=' ' tag='974'><subfield code='b'>MIU</subfield><subfield code='c'>MIU</subfield><subfield code='d'>20130801</subfield><subfield code='s'>google</subfield><subfield code='u'>mdp.39015002308438</subfield><subfield code='r'>ic</subfield></datafield></record>
</collection>